%!TEX root = ../report.tex

@article{thrun2002probabilistic,
  title={Probabilistic robotics},
  author={Thrun, S.},
  journal={Communications of the ACM},
  volume={45},
  number={3},
  pages={52--57},
  year={2002},
  publisher={ACM}
}

@article{robocup2012,
  title={UvA Rescue Team Description Paper Virtual Robot competition Rescue Simulation League RoboCup 2012},
  author={Visser, A. and Dijkshoorn, N. and van Noort, S. and Zwennes, O. and de Waard, M. and Katt, S. and Rozeboom, R.}
}
@article{visser2009robust,
  title={Robust weighted scan matching with quadtrees},
  author={Visser, A. and Slamet, B.A. and Pfingsthorn, M.},
  year={2009}
}

@article{robocup2011,
  title={Amsterdam Oxford Joint Rescue Forces: Team description paper: Virtual Robot competition: Rescue Simulation League: RoboCup 2010 and Iran Open},
  author={Visser, A. and Sobolewski, R. and Flynn, H. and Jankowska, M. and Rath, S. and De Hoog, J. and Nguyen, Q. and Terwijn, B. and Hueting, M. and Jurriaans, R. and others},
  year={2010}
}

@article{robocup2008,
  title={UvA Rescue Team 2008 Team Description Paper Virtual Robot competition Rescue Simulation League RoboCup 2008},
  author={Visser, A. and Schmits, T.}
}

@misc{ethembabaoglu2007active,
  title={Active target tracking using a mobile robot in the USARSim},
  author={Ethembabaoglu, A.},
  year={2007},
  school={Bachelor’s thesis, Universiteit van Amsterdam}
}

@article{slamet2006manifoldslam,
  title={Manifoldslam: a multi-agent simultaneous localization and mapping system for the robocup rescue virtual robots competition},
  author={Slamet, B. and Pfingsthorn, M. and Vlassis, N. and Visser, A. and Dorst, L. and Jansweijer, W. and others},
  year={2006},
  publisher={Citeseer}
}

@inproceedings{pfister2002weighted,
  title={Weighted range sensor matching algorithms for mobile robot displacement estimation},
  author={Pfister, S.T. and Kriechbaum, K.L. and Roumeliotis, S.I. and Burdick, J.W.},
  booktitle={Robotics and Automation, 2002. Proceedings. ICRA'02. IEEE International Conference on},
  volume={2},
  pages={1667--1674},
  year={2002},
  organization={IEEE}
}

@article{howard2006multirobot,
  title={Multirobot simultaneous localization and mapping using manifold representations},
  author={Howard, A. and Sukhatme, G.S. and Mataric, M.J.},
  journal={Proceedings of the IEEE},
  volume={94},
  number={7},
  pages={1360--1369},
  year={2006},
  publisher={IEEE}
}

@misc{hough1962method,
  title={Method and means for recognizing complex patterns},
  author={Hough, P.V.C.},
  year={1962},
  month=dec # "~18",
  publisher={Google Patents},
  note={US Patent 3,069,654}
}

@article{duda1972use,
  title={Use of the Hough transformation to detect lines and curves in pictures},
  author={Duda, R.O. and Hart, P.E.},
  journal={Communications of the ACM},
  volume={15},
  number={1},
  pages={11--15},
  year={1972},
  publisher={ACM}
}

@article{ballard1981generalizing,
  title={Generalizing the Hough transform to detect arbitrary shapes},
  author={Ballard, D.H.},
  journal={Pattern recognition},
  volume={13},
  number={2},
  pages={111--122},
  year={1981},
  publisher={Elsevier}
}

@misc{jankowska2009hough,
  title={A hough transform based approach to map stitching},
  author={Jankowska, M.E.},
  year={2009},
  school={University of Oxford}
}

@inproceedings{carpin2008merging,
  title={Merging maps via Hough transform},
  author={Carpin, S.},
  booktitle={Intelligent Robots and Systems, 2008. IROS 2008. IEEE/RSJ International Conference on},
  pages={1878--1883},
  year={2008},
  organization={IEEE}
}
@inproceedings{censi2005scan,
  title={Scan matching in the Hough domain},
  author={Censi, A. and Iocchi, L. and Grisetti, G.},
  booktitle={Robotics and Automation, 2005. ICRA 2005. Proceedings of the 2005 IEEE International Conference on},
  pages={2739--2744},
  year={2005},
  organization={Ieee}
}
@BOOKLET{iran2012,
title = {Iran Open 2012 website: \url{http://2012.iranopen.ir/}},
month = juli,
year = {2012}
}


# USARSIM
@inproceedings{balaguer2008usarsim,
  title={USARSim: a validated simulator for research in robotics and automation},
  author={Balaguer, B. and Balakirsky, S. and Carpin, S. and Lewis, M. and Scrapper, C.},
  booktitle={Workshop on “Robot Simulators: Available Software, Scientific Applications, and Future Trends” at IEEE/RSJ},
  year={2008}
}
@BOOKLET{usarsimsite,
title = {Urban Search and Rescue simulation website: \url{http://sourceforge.net/apps/mediawiki/usarsim/index.php?title=Main_Page}},
month = August,
year = {2012}
}
@inproceedings{wang2005validating,
  title={Validating usarsim for use in hri research},
  author={Wang, J. and Lewis, M. and Hughes, S. and Koes, M. and Carpin, S.},
  booktitle={Proceedings of the Human Factors and Ergonomics Society Annual Meeting},
  volume={49},
  number={3},
  pages={457--461},
  year={2005},
  organization={SAGE Publications}
}
@article{van2012validation,
  title={Validation of the dynamics of an humanoid robot in USARSim},
  author={van Noort, S. and Visser, A.},
  year={2012}
}
@article{formsma2011realistic,
  title={Realistic simulation of laser range finder behavior in a smoky environment},
  author={Formsma, O. and Dijkshoorn, N. and van Noort, S. and Visser, A.},
  journal={RoboCup 2010: Robot Soccer World Cup XIV},
  pages={336--349},
  year={2011},
  publisher={Springer}
}
@article{schmits2009omnidirectional,
  title={An omnidirectional camera simulation for the USARSim world},
  author={Schmits, T. and Visser, A.},
  journal={RoboCup 2008: Robot Soccer World Cup XII},
  pages={296--307},
  year={2009},
  publisher={Springer}
}

@BOOKLET{robocupsite,
title = {RoboCup general website \url{http://www.robocup.org/}},
month = August,
year = {2012}
}


@BOOKLET{jrfsite,
title = {Amsterdam Oxford Joint Rescue Forces website \url{http://www.jointrescueforces.eu/}},
month = August,
year = {2012}
}
@article{aojrf2011,
  title={Amsterdam Oxford Joint Rescue Forces Team Description Paper Virtual Robot competition Rescue Simulation League RoboCup 2011},
  year = 2011,
  author={Dijkshoorn, N. and Flynn, H. and Formsma, O. and van Noort, S. and van Weelden, C. and Bastiaan, C. and Out, N. and Zwennes, O. and others}
}

@article{visser2012uva,
  title={UvA Rescue Team Description Paper Virtual Robot competition Rescue Simulation League RoboCup 2012},
  author={Visser, A. and Dijkshoorn, N. and van Noort, S. and Zwennes, O. and de Waard, M. and Katt, S. and Rozeboom, R.},
  year = 2012
}


@BOOKLET{github,
title = {GitHub code repository \url{http://www.github.com/okke-formsma/slam-confidence/}},
month = August,
year = {2012}
}
