%!TEX root = ../report.tex
@article{robocup2012,
  title={UvA Rescue Team Description Paper Virtual Robot competition Rescue Simulation League RoboCup 2012},
  author={Visser, A. and Dijkshoorn, N. and van Noort, S. and Zwennes, O. and de Waard, M. and Katt, S. and Rozeboom, R.}
}

@article{robocup2011,
  title={Amsterdam Oxford Joint Rescue Forces: Team description paper: Virtual Robot competition: Rescue Simulation League: RoboCup 2010 and Iran Open},
  author={Visser, A. and Sobolewski, R. and Flynn, H. and Jankowska, M. and Rath, S. and De Hoog, J. and Nguyen, Q. and Terwijn, B. and Hueting, M. and Jurriaans, R. and others},
  year={2010}
}

@article{robocup2008,
  title={UvA Rescue Team 2008 Team Description Paper Virtual Robot competition Rescue Simulation League RoboCup 2008},
  author={Visser, A. and Schmits, T.}
}

@phdthesis{ethembabaoglu2007active,
  title={Active target tracking using a mobile robot in the USARSim},
  author={Ethembabaoglu, A.},
  year={2007},
  school={Bachelorâ€™s thesis, Universiteit van Amsterdam}
}

@article{slamet2006manifoldslam,
  title={Manifoldslam: a multi-agent simultaneous localization and mapping system for the robocup rescue virtual robots competition},
  author={Slamet, B. and Pfingsthorn, M. and Vlassis, N. and Visser, A. and Dorst, L. and Jansweijer, W. and others},
  year={2006},
  publisher={Citeseer}
}